@techreport{neuralNet,
  AUTHOR = {Kvistad, Andreas and Loudon, Johan},
  TITLE = {{A simple question answering system using an Artificial Neural Network}},
  TYPE = {Report},
  YEAR = {2016},
  MONTH = Dec,
  INSTITUTION = {UCSB},
}

@techreport{geneticAlg,
  AUTHOR = {Kvistad, Andreas, Loudon, Johan and Bang, Marius},
  TITLE = {{An attempt at making a trading rule for OBX using a Genetic Algorithm}},
  TYPE = {Report},
  YEAR = {2016},
  MONTH = Dec,
  INSTITUTION = {UCSB},
}
